<record><leader>00000cas a22000007a 4500</leader><controlfield tag="001">11983617</controlfield><controlfield tag="008">850430d19211930inuwr ne      0    0eng d</controlfield><datafield ind1=" " ind2=" " tag="010"><subfield code="a">sn 85047804 </subfield></datafield><datafield ind1=" " ind2=" " tag="040"><subfield code="a">NPI</subfield><subfield code="b">eng</subfield><subfield code="c">NPI</subfield><subfield code="d">OCLCQ</subfield></datafield><datafield ind1=" " ind2=" " tag="042"><subfield code="a">msc</subfield></datafield><datafield ind1="0" ind2=" " tag="130"><subfield code="a">Saint Paul record (Saint Paul, Ind.)</subfield></datafield><datafield ind1="1" ind2="4" tag="245"><subfield code="a">The St. Paul record.</subfield></datafield><datafield ind1="3" ind2="0" tag="246"><subfield code="a">Saint Paul record</subfield></datafield><datafield ind1=" " ind2=" " tag="260"><subfield code="a">St. Paul, Ind. :</subfield><subfield code="b">Hagen Newspaper Syndicate</subfield></datafield><datafield ind1=" " ind2=" " tag="300"><subfield code="a">v. :</subfield><subfield code="b">ill. ;</subfield><subfield code="c">51 cm.</subfield></datafield><datafield ind1=" " ind2=" " tag="310"><subfield code="a">Weekly</subfield></datafield><datafield ind1="1" ind2=" " tag="362"><subfield code="a">Began in 1921?; ceased in 1930?</subfield></datafield><datafield ind1=" " ind2=" " tag="500"><subfield code="a">The last year "The St. Paul record" appeared in N.W. Ayer's American newspaper directory was 1930.</subfield></datafield><datafield ind1=" " ind2=" " tag="588"><subfield code="a">Description based on: Vol. 5, no. 16 (Dec. 24, 1925).</subfield></datafield><datafield ind1=" " ind2=" " tag="752"><subfield code="a">United States</subfield><subfield code="b">Indiana</subfield><subfield code="c">Decatur</subfield><subfield code="d">Saint Paul.</subfield></datafield><datafield ind1="0" ind2="4" tag="785"><subfield code="t">Greensburg times</subfield><subfield code="w">(DLC)sn 85047803</subfield></datafield></record>